%% This BibTeX bibliography file was created using BibDesk.
%% http://bibdesk.sourceforge.net/


%% Created for Adeeb at 2013-04-04 20:23:07 +0100 


%% Saved with string encoding Unicode (UTF-8) 



@article{goreski2010classifiers,
	Author = {Gjoreski , Hristijan and Gams, Matjaz and Chorbev, Ivan },
	Date-Added = {2013-04-04 19:19:48 +0000},
	Date-Modified = {2013-04-04 19:23:07 +0000},
	Keywords = {Machine Learning, Classifiers},
	Title = {3-Axial Accelerometers Activity Recognition},
	Year = {2010}}

@article{randell2000awerness,
	Author = {Randell, C and Muller H},
	Date-Added = {2013-04-04 18:59:58 +0000},
	Date-Modified = {2013-04-04 19:01:10 +0000},
	Keywords = {awareness},
	Title = {Context Awerness by Analysing Accelerometer Data},
	Year = {2000}}

@article{ravi2005recognition,
	Author = {Ravi, N and Dandekar, N and Mysore, P and Littman, M.L},
	Date-Added = {2013-04-04 18:55:38 +0000},
	Date-Modified = {2013-04-04 18:57:43 +0000},
	Keywords = {recognition},
	Title = {Activity Recognition from Acceleromter Data},
	Year = {2005}}

@article{bao2004annotated,
	Author = {Bao, L and Intille, S.S},
	Date-Added = {2013-04-04 18:52:41 +0000},
	Date-Modified = {2013-04-04 18:55:10 +0000},
	Keywords = {annotated},
	Title = {Activity Recognition for User-Annoted Acceleration Data},
	Year = {2004}}

@webpage{android2013coordinate,
	Date-Added = {2013-04-04 16:48:02 +0000},
	Date-Modified = {2013-04-04 16:49:14 +0000},
	Keywords = {coordinate},
	Lastchecked = {04/04/2013},
	Url = {http://developer.android.com/guide/topics/sensors/sensors_overview.html}}

@article{hung1989calibration,
	Author = {Hung, J.C. and et al.},
	Date-Added = {2013-04-03 21:49:04 +0000},
	Date-Modified = {2013-04-03 21:51:36 +0000},
	Journal = {IEEE},
	Keywords = {calibration},
	Title = {Calibration of Accelerometer Triad of an IMU with Drifting Z-Acceleromter Bias},
	Year = {1989}}

@url{android2013manager,
	Date-Added = {2013-04-03 18:04:59 +0000},
	Date-Modified = {2013-04-03 18:05:52 +0000},
	Keywords = {manager},
	Lastchecked = {03/04/2013},
	Title = {SensorManager API},
	Urldate = {http://developer.android.com/reference/android/hardware/SensorManager.html}}

@url{android2013fundamentals,
	Date-Added = {2013-04-03 13:58:20 +0000},
	Date-Modified = {2013-04-03 14:04:37 +0000},
	Keywords = {fundamental},
	Lastchecked = {03/04/2013},
	Title = {Application Fundamentals},
	Urldate = {http://developer.android.com/guide/components/fundamentals.html}}

@misc{lindsay2005parallax,
	Author = {Lindsay, A},
	Booktitle = {Stamps in Class},
	Date-Added = {2013-04-01 17:01:14 +0000},
	Date-Modified = {2013-04-01 17:31:24 +0000},
	Organization = {Parallax Inc},
	Title = {Accelerometer - Getting Started},
	Year = {2005}}

@misc{tiacc,
	Date-Added = {2013-04-01 16:57:58 +0000},
	Date-Modified = {2013-04-01 17:28:28 +0000},
	Howpublished = {http://www2.usfirst.org/2005comp/Manuals/Acceler1.pdf},
	Lastchecked = {01/04/2013},
	Organization = {Texas Instruments},
	Title = {Accelerometers and How they Work},
	Bdsk-Url-1 = {http://www2.usfirst.org/2005comp/Manuals/Acceler1.pdf}}

@misc{patel2006farther,
	Author = {Patel, Shwetak N. and et.al},
	Date-Added = {2013-04-01 16:43:28 +0000},
	Date-Modified = {2013-04-01 17:25:17 +0000},
	Institution = {Georgia Institute of Technology},
	Keywords = {farther},
	Title = {Farther Than You May Think: An Empirical Investigation of the Proximity of Users to Their Mobile Phones},
	Year = {2006}}

@article{want2008cellphone,
	Author = {Want, R},
	Date-Added = {2013-04-01 16:36:50 +0000},
	Date-Modified = {2013-04-01 16:41:22 +0000},
	Journal = {IEEE Pervasive Computing},
	Keywords = {cellphone},
	Month = {April},
	Number = {2},
	Pages = {2-4},
	Title = {You Are Your Cell Phone},
	Volume = {7},
	Year = {2008}}

@techreport{Campbell2010sensing,
	Author = {Campbell, T and et al.},
	Date-Added = {2013-04-01 16:12:24 +0000},
	Date-Modified = {2013-04-01 16:39:26 +0000},
	Institution = {Dartmouth College},
	Keywords = {sensing},
	Title = {A Survey Of Mobile Phone Sensing},
	Year = {2010}}

@book{Tufte2001visual,
	Author = {Tufte, Edward R.},
	Date-Added = {2013-03-27 13:50:37 +0000},
	Date-Modified = {2013-03-27 13:52:52 +0000},
	Edition = {2nd},
	Keywords = {visual},
	Publisher = {Graphics Press},
	Title = {The Visual Display of Quantitative Information},
	Year = {2001}}

@book{Strunk2004style,
	Author = {Strunk, William Jr. and White, Elwyn Brooks},
	Date-Added = {2013-03-27 12:58:00 +0000},
	Date-Modified = {2013-03-27 13:02:29 +0000},
	Keywords = {style},
	Publisher = {Pearson},
	Title = {The Elements of Style},
	Year = {2004}}

@book{Eijkhout1991tex,
	Author = {Eijkhout, Victor},
	Date-Added = {2013-03-27 12:15:09 +0000},
	Date-Modified = {2013-03-27 12:17:40 +0000},
	Keywords = {tex},
	Publisher = {Addison-Wesley},
	Title = {TeX by Topic, A Texnician's Reference Guide},
	Year = {1991}}
